<?xml version="1.0" encoding="UTF-8"?><collection xmlns="http://www.loc.gov/MARC21/slim"><record><leader>00541nam--2200181-i-4500</leader><controlfield tag="001">000024690</controlfield><controlfield tag="002">20161230</controlfield><controlfield tag="005">20161230201035</controlfield><controlfield tag="008">060222s1000------------r-----000-0-fre-d</controlfield><datafield ind1=" " ind2=" " tag="040"><subfield code="a">IFIN-HH</subfield></datafield><datafield ind1=" " ind2=" " tag="041"><subfield code="a">fre</subfield></datafield><datafield ind1=" " ind2=" " tag="080"><subfield code="a">539.143.43(043)</subfield></datafield><datafield ind1="1" ind2=" " tag="100"><subfield code="a">Hochstrasser, Gilbert</subfield></datafield><datafield ind1="1" ind2="0" tag="245"><subfield code="a">Determination de formes et de largeurs de raies tres fines en resonance magnetique nucleaire</subfield><subfield code="b">These</subfield><subfield code="c">Gilbert hochstrasser</subfield></datafield><datafield ind1=" " ind2=" " tag="260"><subfield code="a">Geneve</subfield><subfield code="b">Universite</subfield><subfield code="c">1961</subfield></datafield><datafield ind1=" " ind2=" " tag="300"><subfield code="a">/189-239/P</subfield></datafield><datafield ind1=" " ind2=" " tag="852"><subfield code="a">77012</subfield><subfield code="c">539.143.43</subfield></datafield><datafield ind1=" " ind2=" " tag="CAT"><subfield code="a">Sys</subfield><subfield code="c">20120514</subfield><subfield code="h">095325</subfield></datafield></record></collection>